<record><leader>00000cas a2200000 a 4500</leader><controlfield tag="001">12608331</controlfield><controlfield tag="008">850927d18961898ksuwr ne      0    0eng d</controlfield><datafield ind1=" " ind2=" " tag="010"><subfield code="a">sn 85031934 </subfield></datafield><datafield ind1=" " ind2=" " tag="040"><subfield code="a">KSH</subfield><subfield code="b">eng</subfield><subfield code="c">KSH</subfield><subfield code="d">NPT</subfield><subfield code="d">OCL</subfield><subfield code="d">OCLCQ</subfield></datafield><datafield ind1=" " ind2=" " tag="042"><subfield code="a">msc</subfield></datafield><datafield ind1="0" ind2="4" tag="245"><subfield code="a">The Gypsum City news.</subfield></datafield><datafield ind1="3" ind2="0" tag="246"><subfield code="a">Gypsum news</subfield></datafield><datafield ind1=" " ind2=" " tag="260"><subfield code="a">Gypsum City, Kan. :</subfield><subfield code="b">M.C. Hemenway &amp; I.A. Eichelberger,</subfield><subfield code="c">1896-1898.</subfield></datafield><datafield ind1=" " ind2=" " tag="300"><subfield code="a">2 v. :</subfield><subfield code="b">ill. (chiefly advertisements) ;</subfield><subfield code="c">37-54 cm.</subfield></datafield><datafield ind1=" " ind2=" " tag="310"><subfield code="a">Weekly</subfield></datafield><datafield ind1="0" ind2=" " tag="362"><subfield code="a">Vol. 1, no. 1 (Aug. 21, 1896)-v. 2, no. 29 (Mar. 4, 1898).</subfield></datafield><datafield ind1=" " ind2=" " tag="500"><subfield code="a">Published as: Gypsum news, May 28, 1897-Mar. 4, 1898.</subfield></datafield><datafield ind1=" " ind2=" " tag="500"><subfield code="a">Published by L.C. Hungerford, May 28, 1897-Mar. 4, 1898.</subfield></datafield><datafield ind1=" " ind2=" " tag="500"><subfield code="a">"Republican."</subfield></datafield><datafield ind1=" " ind2=" " tag="752"><subfield code="a">United States</subfield><subfield code="b">Kansas</subfield><subfield code="c">Saline</subfield><subfield code="d">Gypsum.</subfield></datafield><datafield ind1=" " ind2=" " tag="752"><subfield code="a">United States</subfield><subfield code="b">Kansas</subfield><subfield code="c">Saline</subfield><subfield code="d">Gypsum City.</subfield></datafield><datafield ind1="1" ind2=" " tag="029"><subfield code="a">AU@</subfield><subfield code="b">000022164919</subfield></datafield></record>